@inproceedings{yamamoto2010inverse,
  title={From inverse entailment to inverse subsumption},
  author={Yamamoto, Yoshitaka and Inoue, Katsumi and Iwanuma, Koji},
  booktitle={20th International Conference on Inductive Logic Programming},
  pages={27--30},
  year={2010}
}
@article{muggleton1995inverse,
  title={Inverse entailment and Progol},
  author={Muggleton, Stephen},
  journal={New generation computing},
  volume={13},
  number={3-4},
  pages={245--286},
  year={1995},
  publisher={Springer}
}
@article{plotkin1970note,
  title={A note on inductive generalization},
  author={Plotkin, Gordon D},
  journal={Machine intelligence},
  volume={5},
  number={1},
  pages={153--163},
  year={1970}
}
@book{shapiro1983algorithmic,
  title={Algorithmic program debugging},
  author={Shapiro, Ehud Y},
  year={1983},
  publisher={MIT press}
}
@inproceedings{van1993subsumption,
  title={Subsumption and refinement in model inference},
  author={van der Laag, Patrick RJ and Nienhuys-Cheng, Shan-Hwei},
  booktitle={European Conference on Machine Learning},
  pages={95--114},
  year={1993},
  organization={Springer}
}
@misc{dzeroski1994inductive,
  title={Inductive logic programming: Techniques and applications},
  author={Dzeroski, Sa{\v{s}}o and Lavrac, Nada},
  year={1994},
  publisher={Ellis Horwood, New York}
}
